
@ARTICLE{Bejan,
 AUTHOR =	{A. Bejan},
 TITLE =	{Constructal-theory Network of Conducting Path for Cooling a Heat Generating Volume.},
 JOURNAL =	{International Journal of Heat and Mass Transfer},
 VOLUME =	{40},
 PAGES =	{799-816},
 YEAR =		{1997},
}

% -------------------------------------------------------------

@article{Biserni2004,
author = {Biserni, C. and Rocha, L. A.O. and Bejan, A.},
file = {:media/Dados/Arquivos/Estudos/Doutorado/Refer{\^{e}}ncias/papers/Construtal Heat Transfer/29 - Biserni et al. (2004).pdf:pdf},
journal = {International Journal of Heat and Mass Transfer},
number = {12-13},
pages = {2577--2586},
title = {{Inverted fins: Geometric optimization of the intrusion into a conducting wall}},
volume = {47},
year = {2004}
}

@article{Biserni2007,
author = {Biserni, C. and Rocha, L. A.O. and Stanescu, G. and Lorenzini, E.},
journal = {International Journal of Heat and Mass Transfer},
keywords = {Constructal theory,Evolution of configuration,Geometry optimization,Morphing},
number = {11-12},
pages = {2132--2138},
title = {{Constructal H-shaped cavities according to Bejan's theory}},
volume = {50},
year = {2007}
}

@article{Biserni2017,
author = {Biserni, C. and Dalpiaz, F. L. and Fagundes, T. M. and Rocha, L. A.O.},
file = {:media/Dados/Arquivos/Estudos/Doutorado/Refer{\^{e}}ncias/papers/Construtal Heat Transfer/Biserni 2017.pdf:pdf},
issn = {00179310},
journal = {International Journal of Heat and Mass Transfer},
keywords = {Constructal design,Convection heat transfer,Exhaustive search,Genetic algorithm,T-shaped fins,Thermal energy removal,Trapezoidal solid body},
pages = {73--81},
publisher = {Elsevier Ltd},
title = {{Constructal design of T-shaped morphing fins coupled with a trapezoidal basement: A numerical investigation by means of Exhaustive Search and Genetic Algorithm}},
volume = {109},
year = {2017}
}

@INPROCEEDINGS{Gonzales2015cilamce,
 AUTHOR =	{Gonzales, G. V. and  dos Santos, E. D. and  Isoldi, L. A. and  Estrada, E. da S. D. and Rocha, L. A. O.},
 TITLE =	{{Constructal design of isothermal double-T shaped cavity by means of Simulated Annealing}},
 BOOKTITLE =	{ Proceedings of the XXXVI Iberian Latin-American Congress on Computational Methods in Engineering - CILAMCE2015},
 YEAR =		{2015},
 ADDRESS =	{Rio de Janeiro, Brazil}
}

@article{Gonzales2015energy,
author = {Gonzales, G. V. and Estrada, E. da S.D. and Emmendorfer, L.R. and Isoldi, L.A. and Xie, G. and Rocha, L.A.O. and dos Santos, E.D.},
journal = {Energy},
pages = {372--382},
publisher = {Pergamon},
title = {{A comparison of simulated annealing schedules for constructal design of complex cavities intruded into conductive walls with internal heat generation}},
volume = {93},
year = {2015}
}

@article{Gonzales2017,
author = {Gonzales, G. V. and dos Santos, E. D. and Isoldi, L. A. and Rocha, L. A. O. and Silva Neto, A. J. and Telles, W. R.},
journal = {Defect and Diffusion Forum},
keywords = {Constructal Design,Heat Transfer,Luus-Jaakola,Simulated Annealing},
title = {{Constructal design of double-T shaped cavity with stochastic methods Luus-Jaakola and Simulated Annealing}},
volume = {370},
year = {2017}
}

@article{Lorenzini2011,
author = {Lorenzini, G. and Biserni, C. and Isoldi, L. A. and dos Santos, E. D. and Rocha, L. A. O.},
file = {:media/Dados/Arquivos/Estudos/Doutorado/Refer{\^{e}}ncias/papers/Construtal Heat Transfer/cav{\_}y{\_}GA{\_}VMCSUL.pdf:pdf},
journal = {Journal of Electronic Packaging},
keywords = {ani{\_}prod,http,ieee,keywrd98,org,org or visit,organizations,pubs,send a blank e-mail,to keywords,txt,www},
number = {4},
pages = {041008},
title = {{Constructal Design Applied to the Geometric Optimization of Y-shaped Cavities Embedded in a Conducting Medium}},
volume = {133},
year = {2011}
}
@article{Lorenzini2012,
author = {Lorenzini, G. and Garcia, F. L. and {Dos Santos}, E. D. and Biserni, C. and Rocha, L. A.O.},
file = {:media/Dados/Arquivos/Estudos/Doutorado/Refer{\^{e}}ncias/papers/Construtal Heat Transfer/Lorenzini-T-Y (2012).pdf:pdf},
journal = {International Journal of Heat and Mass Transfer},
keywords = {Constructal law,Convective heat transfer,Design in engineering},
number = {5-6},
pages = {1505--1512},
publisher = {Elsevier Ltd},
title = {{Constructal design applied to the optimization of complex geometries: T-Y-shaped cavities with two additional lateral intrusions cooled by convection}},
volume = {55},
year = {2012}
}
@article{Lorenzini2013,
author = {Lorenzini, G. and Biserni, C. and Link, F.B. and Isoldi, L.A. and dos Santos, E.D. and Rocha, L.A.O.},
journal = {Journal of Engineering Thermophysics},
number = {4},
pages = {309--321},
title = {{Constructal design of T-shaped cavity for several convective fluxes imposed at the cavity surfaces}},
volume = {22},
year = {2013}
}

@article{Xie2010,
author = {Xie, Zhihui and Chen, Lingen and Sun, Fengrui},
journal = {Mathematical and Computer Modelling},
keywords = {Cavity,Constructal theory,Generalized thermodynamic optimization,Geometry optimization,Heat conduction},
number = {9-10},
pages = {1538--1546},
publisher = {Elsevier Ltd},
title = {{Geometry optimization of T-shaped cavities according to constructal theory}},
volume = {52},
year = {2010}
}

@article{Lorenzini2014,
author = {Lorenzini, G. and Biserni, C. and Estrada, E. D. and Isoldi, L. A. and dos Santos, E. D. and Rocha, L. A. O.},
journal = {Journal of Heat Transfer},
keywords = {constructal design,convection heat transfer,exhaustive,genetic algorithm,search,y-shaped cavity},
number = {7},
pages = {071702},
title = {{Constructal design of convective Y-shaped cavities by means of Genetic Algorithm}},
volume = {136},
year = {2014}
}

@article{Gonzales2018,
author = {Gonzales, G. V. and dos Santos, E. D. and Silva Neto, A. J.},
journal = {Revista Mundi Engenharia, Tecnologia e Gest{\~{a}}o},
number = {2},
pages = {85--104},
title = {{Uma Compara{\c{c}}{\~{a}}o Entre Os Algoritmos De Evolu{\c{c}}{\~{a}}o Diferencial E Recozimento Simulado Associados Ao Design Construtal Para A Otimiza{\c{c}}{\~{a}}o Geom{\'{e}}Trica De Uma Cavidade Em Forma De Duplo-T}},
volume = {3},
year = {2018}
}

@article{Storn1997,
	author = {Storn, Rainer and Price, Kenneth},
	journal = {Journal of Global Optimization},
	keywords = {Evolution strategy,Genetic algorithm,Global optimization,Nonlinear optimization,Stochastic optimization},
	number = {4},
	pages = {341--359},
	pmid = {2015},
	title = {{Differential Evolution - A Simple and Efficient Heuristic for Global Optimization over Continuous Spaces}},
	volume = {11},
	year = {1997}
	}
	
@BOOK{Reddy1994,
 AUTHOR =	{Reddy, J. N. and Gartling,D. K.},
 TITLE =	{The Finite Element Method in Heat Transfer and Fluid Dynamics},
 PUBLISHER =	{McGrawHill},
 ADDRESS =	{New York},
 YEAR =		{1994}
}

